<record><leader>00000cas a2200000 a 4500</leader><controlfield tag="001">56747890</controlfield><controlfield tag="008">041015d188u1913oruwr ne      0   a0eng c</controlfield><datafield ind1=" " ind2=" " tag="010"><subfield code="a">  2004260421</subfield></datafield><datafield ind1=" " ind2=" " tag="040"><subfield code="a">ORU</subfield><subfield code="b">eng</subfield><subfield code="c">ORU</subfield><subfield code="d">OCLCQ</subfield><subfield code="d">DLC</subfield><subfield code="d">OCLCF</subfield><subfield code="d">DLC</subfield></datafield><datafield ind1="0" ind2=" " tag="022"><subfield code="a">2470-8933</subfield><subfield code="2">1</subfield></datafield><datafield ind1=" " ind2=" " tag="042"><subfield code="a">pcc</subfield><subfield code="a">nsdp</subfield></datafield><datafield ind1=" " ind2=" " tag="043"><subfield code="a">n-us-or</subfield></datafield><datafield ind1="0" ind2="0" tag="050"><subfield code="a">Newspaper</subfield></datafield><datafield ind1="1" ind2="0" tag="082"><subfield code="a">071</subfield><subfield code="2">23</subfield></datafield><datafield ind1=" " ind2="4" tag="222"><subfield code="a">The Oregon mist</subfield><subfield code="b">(Print)</subfield></datafield><datafield ind1="0" ind2="4" tag="245"><subfield code="a">The Oregon mist.</subfield></datafield><datafield ind1="1" ind2="3" tag="246"><subfield code="a">Mist</subfield></datafield><datafield ind1=" " ind2=" " tag="260"><subfield code="a">St. Helens, Columbia County, Or. :</subfield><subfield code="b">W. Glendye,</subfield><subfield code="c">-1913.</subfield></datafield><datafield ind1=" " ind2=" " tag="300"><subfield code="a">v. :</subfield><subfield code="b">ill.</subfield></datafield><datafield ind1=" " ind2=" " tag="310"><subfield code="a">Weekly,</subfield><subfield code="b">Apr. 26, 1912-Feb. 14, 1913</subfield></datafield><datafield ind1=" " ind2=" " tag="321"><subfield code="a">Weekly,</subfield><subfield code="b">&lt;Feb. 2, 1883&gt;-Jan. 5, 1912</subfield></datafield><datafield ind1=" " ind2=" " tag="321"><subfield code="a">Semiweekly,</subfield><subfield code="b">Jan. 12, 1912-Apr. 20, 1912</subfield></datafield><datafield ind1="0" ind2=" " tag="362"><subfield code="a">-v. 32, no. 7 (Feb. 14, 1913).</subfield></datafield><datafield ind1=" " ind2=" " tag="530"><subfield code="a">Also issued on microfilm from University of Oregon.</subfield></datafield><datafield ind1=" " ind2=" " tag="530"><subfield code="a">Archived issues are available in digital format from the Library of Congress Chronicling America online collection.</subfield></datafield><datafield ind1=" " ind2=" " tag="588"><subfield code="a">Description based on: Vol. 1, no. 2 (Feb. 2, 1883).</subfield></datafield><datafield ind1=" " ind2="0" tag="651"><subfield code="a">Saint Helens (Or.)</subfield><subfield code="v">Newspapers.</subfield></datafield><datafield ind1=" " ind2="7" tag="651"><subfield code="a">Oregon</subfield><subfield code="z">Saint Helens.</subfield><subfield code="2">fast</subfield><subfield code="0">(OCoLC)fst01221362</subfield></datafield><datafield ind1=" " ind2="7" tag="655"><subfield code="a">Newspapers.</subfield><subfield code="2">fast</subfield><subfield code="0">(OCoLC)fst01423814</subfield></datafield><datafield ind1=" " ind2=" " tag="752"><subfield code="a">United States</subfield><subfield code="b">Oregon</subfield><subfield code="c">Columbia</subfield><subfield code="d">St. Helens.</subfield></datafield><datafield ind1="0" ind2="8" tag="776"><subfield code="i">Online version:</subfield><subfield code="t">Oregon mist</subfield><subfield code="x">2470-8941</subfield><subfield code="w">(DLC)  2015270867</subfield><subfield code="w">(OCoLC)939552229</subfield></datafield><datafield ind1="0" ind2="0" tag="785"><subfield code="t">St. Helens mist</subfield><subfield code="x">2330-7307</subfield><subfield code="w">(DLC)  2004260419</subfield><subfield code="w">(OCoLC)56747938</subfield></datafield><datafield ind1="4" ind2="1" tag="856"><subfield code="u">http://www.loc.gov/chroniclingamerica/lccn/2004260421/issues</subfield></datafield><datafield ind1="1" ind2=" " tag="029"><subfield code="a">AU@</subfield><subfield code="b">000026302919</subfield></datafield></record>